@article {bauer09,
   author = {Bauer, A. and Klasing, K. and Lidoris, G. and M端hlbauer, Q. and Rohrm端ller, F. and Sosnowski, 
						S. and Xu, T. and K端hnlenz, K. and Wollherr, D. and Buss, M.},
   title = {The Autonomous City Explorer: Towards Natural Human-Robot Interaction in Urban Environments},
   journal = {International Journal of Social Robotics},
   pages = {127-140},
   volume = {1},
   issue = {2},
   year = {2009},
	url = {http://www.lsr.ei.tum.de/fileadmin/publications/ace_soro.pdf}
}

@INPROCEEDINGS{buss11,
author={Buss, M. and Carton, D. and Gonsior, B. and K端hnlenz, K. and Landsiedel, C. and Mitsou, 
N. and de Nijs, R. and Zlotowski, J. and Sosnowski, S. and Strasser, E. and Tscheligi, M. and Weiss, A. and Wollherr, D.},
booktitle={Cognitive Infocommunications (CogInfoCom), 2011 2nd International Conference on}, 
title={Towards Proactive Human-Robot Interaction in Human Environments},
year={2011},
month={7},
pages={1-6},
url={http://www.lsr.ei.tum.de/fileadmin/publications/Gonsior/CogInfoCom2011_Buss}
}

@misc{albrecht,
    author = "S. Albrecht, P. Basili, S. Glasauer, M. Leibold and M. Ulbrich",
    title = "Modeling and Analysis of Human Navigation with Crossing Interferer Using Inverse Optimal Control",
    year = "2012",
    howpublished = "7th Vienna Conference on Mathematical Modelling",
}

@misc{mombaur,
    author = "K. Mombaur, A. Truon, J.-P. Laumond",
    title = "From Human to Humanoid Locomotion - An Inverse Optimal Control Approach",
    year = "2010",
    howpublished = "Springer US",
    journal = "Autonomous Robots",
    volume = "28",
    pages = "369-383",
}
